@misc{schimavoigt2023,
  author       = {Schima-Voigt, Kristine},
  title        = {{Research Software Engineering als Service an einer 
                   wissenschaftlichen Bibliothek}},
  month        = mar,
  year         = 2023,
  publisher    = {Zenodo},
  doi          = {10.5281/zenodo.7727988},
  url          = {https://doi.org/10.5281/zenodo.7727988}
}